@BOOK{teles2014,
    Author         = {M. V. Teles},
    Publisher      = {Novatec Editora},
    Title          = {Extreme programming},
    Year           = {2014},
    Edition        = 2,
    Month          = {Outubro},
}

@BOOK{robert2008,
    Author         = {Robert C. MARTIN},
    Publisher      = {Prentice Hall},
    Title          = {Code Clean},
    Year           = {2008},
    Edition        = 1,
    Month          = {August},
}

@BOOK{fowler2004,
    Author         = {MARTIN FOWLER},
    Publisher      = {Bookman},
    Title          = {Refatoração, aperfeiçoando o projeto de código existente},
    Year           = {2004},
    Edition        = 1,
    Month          = {Janeiro},
}

@BOOK{harry2011,
    Author         = {Harry FARRER},
    Publisher      = {Ltc},
    Title          = {Algoritmos Estruturados},
    Year           = {2011},
    Edition        = 3,
}

@BOOK{kernighanPlauger1978,
    Author         = {Dennis M. Ritchie and Plauger P. J.},
    Publisher      = {McGraw Hill},
    Title          = {The Elements of Programming Style},
    Year           = {1978},
    Edition        = 2,
}

@BOOK{pete2006,
    Author         = {Pete GOODLIFFE},
    Publisher      = {No Starch Press},
    Title          = {The Pratice Of Writing Excellent Code},
    Year           = {2006},
    Edition        = 1,
}

@BOOK{charles2002,
    Author         = {Charles PETZOLD},
    Publisher      = {Microsoft Press},
    Title          = {Programming Windows},
    Year           = {2002},
    Edition        = 5,
}

@MISC{rene2015,
      author = {René DESCARTES, 1596-1650},
      title = {Discourse on the Method of Rightly Conducting One's Reason and of Seeking Truth in the Sciences},
      month = {December},
      year = {1637},
      note = {acessado em 2 de março, 2015},
      url = {http://www.gutenberg.org/files/19796/19796.txt}
}

@MISC{oracle2015,
      author = {CONVENTIONS Oracle},
      title = {Code Conventions for the Java Programming Language},
      month = {Março},
      year = {1999},
      note = {acessado em 10 de Fev., 2015},
      url = {http://www.oracle.com/technetwork/java/javase/documentation/codeconventions-139411.html}
}

@MISC{magazine2015,
      author = {Magazine SMASHING},
      title = {WHY CODING STYLE MATTERS},
      month = {Outubro},
      year = {2012},
      note = {acessado em 16 de Fev., 2015},
      url = {http://www.smashingmagazine.com/2012/10/25/why-coding-style-matters/}
}

@MISC{notacao2015,
      author = {Charles Simonyi},
      title = {NOTAÇÃO HÚNGARA},
      month = {Outubro},
      year = {1999},
      note = {acessado em 09 de Fev., 2015},
      url = {https://msdn.microsoft.com/en-us/library/aa260976(VS.60).aspx}
}

@MISC{stallman2015,
      author = {Stallman RICHARD},
      title = {GNU Coding Standards},
      month = {December},
      year = {2014},
      note = {acessado em 11 de Fev., 2015},
      url = {http://www.gnu.org/prep/standards/}
}

@MISC{kernelorg2002,
      author = {KERNEL.ORG},
      title = {CODING STYLE KERNEL LINUX},
      year = {2002},
      note = {acessado em 25 de Março, 2015},
      url = {https://www.kernel.org/doc/Documentation/CodingStyle}
}

@MISC{javamagazine2013,
      author = {JAVA MAGAZINE},
      title = {HISTÓRIA JAVA},
      year = {2013},
      note = {acessado em 11 de Fev., 2015},
      url = {http://www.devmedia.com.br/a-historia-da-tecnologia-java-easy-java-magazine-1/18446}
}

@MISC{javamagazinecj2013,
      author = {JAVA MAGAZINE},
      title = {Histórico das Linguagens C/C++ e Java},
      year = {2013},
      note = {acessado em 09 de Março, 2015},
      url = {http://www.devmedia.com.br/c-c-e-java-principais-caracteristicas-revista-easy-java-magazine-25/26773}
}

@MISC{javadocj2013,
      author = {DEVMEDIA},
      title = {Java Doc},
      year = {2013},
      note = {acessado em 09 de Março, 2015},
      url = {http://www.devmedia.com.br/javadoc-implementando-documentacao-atraves-do-netbeans/2495}
}


@ARTICLE{article:aldon:2001,
    Author         = {M.-J. Aldon},
    Journal        = {Techniques de l'ing\'enieur},
    Title          = {Capteurs et m\'ethodes pour la localisation des robots mobiles},
    Volume         = {S (article S7852)},
    Year           = {2001}
}

@INPROCEEDINGS{inproc:duckett:2000,
    Author         = {T. Duckett and S. Marsland and J. Shapiro},
    Booktitle      = {IEEE International Conference on Robotics and Automation},
    Pages          = {3841-3846},
    Title          = {Learning globally consistent maps by relaxation},
    Year           = {2000}
}

@INCOLLECTION{incollection:castellanos:2000,
    Author         = {J. A. Castellanos J. M. M. Montiel and J. Neira and J. D. Tard\'os},
    Booktitle      = {Experimental Robotics {VI}},
    Editor         = {P. Corke and J. Trevelyan},
    Pages          = {287-296},
    Publisher      = {Springer Verlag, Inc.},
    Title          = {Sensor influence in the performance of simultaneous mobile robot localization and map building},
    Year           = {2000}
}

@PHDTHESIS{thesis:julier:97,
    Address        = {Robotics Research Group, Department of Engineering Science.},
    Author         = {S. J. Julier},
    School         = {University of Oxford},
    Title          = {Process Models for the Navigation of High-Speed Land Vehicles},
    Year           = {1997}
}

@TECHREPORT{techreport:borges:2002,
    Address        = {161, rue ADA - 34392 - Montpellier - France},
    Author         = {G. A. Borges},
    Institution    = {LIRMM UMR CNRS/UMII n$^\circ$. 55060},
    Number         = {02082},
    Title          = {Architectures mat\'erielle et logicielle du robot {O}mni},
    Year           = {2002}
}

